@article{astonjones2005,
  title={Adaptive gain and the role of the locus coeruleus--norepinephrine system in optimal performance},
  author={Aston-Jones, Gary and Cohen, Jonathan D},
  journal={Journal of Comparative Neurology},
  volume={493},
  number={1},
  pages={99--110},
  year={2005},
  publisher={Wiley Online Library}
}

@article{cohen2007,
  title={Should I stay or should I go? How the human brain manages the trade-off between exploitation and exploration},
  author={Cohen, Jonathan D and McClure, Samuel M and Yu, Angela J},
  journal={Philosophical Transactions of the Royal Society B: Biological Sciences},
  volume={362},
  number={1481},
  pages={933--942},
  year={2007},
  publisher={The Royal Society London}
}


@article{gratz2023,
	title = {Slower {Response} {Speed} {Moves} {Us} from {Exploitation} to {Exploration}},
	url = {https://rgdoi.net/10.13140/RG.2.2.36435.96802},
	doi = {10.13140/RG.2.2.36435.96802},
	language = {en},
	urldate = {2023-12-03},
	author = {Grätz, Dominik and Mayr, Ulrich},
	year = {2023},
	note = {Publisher: Unpublished},
}

@article{ahmad2023,
	title = {Rational distraction: {The} adaptive nature of reliance on external action-relevant information},
	shorttitle = {Rational distraction},
	url = {https://rgdoi.net/10.13140/RG.2.2.11482.93125},
	doi = {10.13140/RG.2.2.11482.93125},
	language = {en},
	urldate = {2023-12-03},
	author = {Ahmad, Sarita and Grätz, Dominik and Mayr, Ulrich},
	year = {2023},
	note = {Publisher: Unpublished},
}

@article{gratz2022,
	title = {Does distraction make you slow, or does being slow make you distracted? {Testing} a rational choice model of consulting the environment for action-relevant information.},
	shorttitle = {Does distraction make you slow, or does being slow make you distracted?},
	url = {https://rgdoi.net/10.13140/RG.2.2.12311.04004},
	doi = {10.13140/RG.2.2.12311.04004},
	urldate = {2023-12-03},
	author = {Grätz, Dominik and Fröber, Kerstin and Mayr, Ulrich},
	year = {2022},
	note = {Publisher: Unpublished},
}


@Manual{imager,
    title = {imager: Image Processing Library Based on 'CImg'},
    author = {Simon Barthelme},
    year = {2023},
    note = {R package version 0.45.2},
    url = {https://CRAN.R-project.org/package=imager},
  }
  
  
@Manual{reticulate,
    title = {reticulate: Interface to 'Python'},
    author = {Kevin Ushey and JJ Allaire and Yuan Tang},
    year = {2023},
    note = {R package version 1.34.0},
    url = {https://CRAN.R-project.org/package=reticulate},
}


@misc{img2vec,
  author = {Safka, Christian and yuiseki and Yedidi, Kapil and Kozłowski,Marcin and keherri and Bar, Noi and Cobanov, Mert},
  title = {Image 2 Vec with PyTorch},
  year = {2022},
  publisher = {GitHub},
  journal = {GitHub repository},
  howpublished = {\url{https://github.com/christiansafka/img2vec}},
  commit = {8b63ed6}
}

@Article{tidyverse,
    title = {Welcome to the {tidyverse}},
    author = {Hadley Wickham and Mara Averick and Jennifer Bryan and Winston Chang and Lucy D'Agostino McGowan and Romain Françoi and  Garrett Grolemun and  Alex Haye and  Lionel Henr and  Jim Heste and  Max Kuh and  Thomas Lin Pederse and  Evan Mille and  Stephan Milton Bach and  Kirill Müll and , Jeroen Oo and , David Robins and , Dana Paige Seid and , Vitalie Spi and , Kohske Takahas and , Davis Vaugh and , Claus Wil and , Kara W and , Hiroaki Yutani},
    year = {2019},
    journal = {Journal of Open Source Software},
    volume = {4},
    number = {43},
    pages = {1686},
    doi = {10.21105/joss.01686},
  }
  
   @Article{caret,
    title = {Building Predictive Models in R Using the caret Package},
    volume = {28},
    url = {https://www.jstatsoft.org/index.php/jss/article/view/v028i05},
    doi = {10.18637/jss.v028.i05},
    number = {5},
    journal = {Journal of Statistical Software},
    author = {{Kuhn} and {Max}},
    year = {2008},
    pages = {1–26},
  }
  
  @Article{glmnet,
    title = {Elastic Net Regularization Paths for All Generalized Linear Models},
    author = {J. Kenneth Tay and Balasubramanian Narasimhan and Trevor Hastie},
    journal = {Journal of Statistical Software},
    year = {2023},
    volume = {106},
    number = {1},
    pages = {1--31},
    doi = {10.18637/jss.v106.i01},
  }
  
  
   @Manual{R,
    title = {R: A Language and Environment for Statistical Computing},
    author = {{R Core Team}},
    organization = {R Foundation for Statistical Computing},
    address = {Vienna, Austria},
    year = {2023},
    url = {https://www.R-project.org/},
  }
  
  @Manual{RStudio,
    title = {RStudio: Integrated Development Environment for R},
    author = {{Posit team}},
    organization = {Posit Software, PBC},
    address = {Boston, MA},
    year = {2023},
    url = {http://www.posit.co/},
  }
  
  @Manual{rio,
    title = {rio: A Swiss-army knife for data file I/O},
    author = {Chung-hong Chan and Geoffrey CH Chan and Thomas J. Leeper and Jason Becker},
    year = {2021},
    note = {R package version 0.5.29},
  }
  
  
  @article{Braun1992,
  title={Saccadic reaction times in patients with frontal and parietal lesions},
  author={Braun, D and Weber, H and Mergner, TH and Schulte-M{\"o}nting, J},
  journal={Brain},
  volume={115},
  number={5},
  pages={1359--1386},
  year={1992},
  publisher={Oxford University Press}
}


@software{MATLAB,
year = {2022},
author = "{The MathWorks Inc.}",
title = {MATLAB version: 9.12.0 (R2022a)},
publisher = {The MathWorks Inc.},
address = {Natick, Massachusetts, United States},
url = {https://www.mathworks.com}
}

@article{PTB1,
  title={The Psychophysics Roolbox},
  author={Brainard, David H},
  journal={Spatial Vision},
  volume={10},
  number={4},
  pages={433--436},
  year={1997},
  publisher={VSP}
}

@article{PTB2,
  title={The VideoToolbox software for visual psychophysics: Transforming numbers into movies},
  author={Pelli, Denis G and Vision, Spatial},
  journal={Spatial vision},
  volume={10},
  pages={437--442},
  year={1997},
  publisher={VSP}
}

@article{PTB3,
  title={What's new in Psychtoolbox-3?},
  author={Kleiner, Mario and Brainard, David and Pelli, Denis},
  year={2007},
  publisher={Pion Ltd.}
}


@Manual{foreach,
    title = {foreach: Provides Foreach Looping Construct},
    author = {{Microsoft} and Steve Weston},
    year = {2022},
    note = {R package version 1.5.2},
    url = {https://CRAN.R-project.org/package=foreach},
  }
  
  @Manual{doParallel,
    title = {doParallel: Foreach Parallel Adaptor for the 'parallel' Package},
    author = {{Microsoft} and Steve Weston},
    year = {2022},
    note = {R package version 1.0.17},
    url = {https://CRAN.R-project.org/package=doParallel},
  }
  
  @Manual{eyelinker,
    title = {eyelinker: Import ASC Files from EyeLink Eye Trackers},
    author = {Simon Barthelme},
    year = {2021},
    note = {R package version 0.2.1},
    url = {https://CRAN.R-project.org/package=eyelinker},
  }